% Encoding: UTF-8

@Article{Nagaso2015ExperimentalFiniteDifference,
  author    = {Nagaso, M. and Mizuno, K. and Asada, A. and Kobayashi, K. and Matsukawa, M.},
  title     = {Experimental and finite-difference time-domain simulation study of the precise measurement of the gonad of a small fish using a 25-mhz acoustic focus probe},
  journal   = {Marine Technology Society Journal},
  year      = {2015},
  volume    = {49},
  number    = {5},
  month     = {Sept},
  pages     = {31--37},
  doi       = {10.4031/mtsj.49.5.6},
  publisher = {Marine Technology Society},
}

@InProceedings{Nagaso2013Developmentthreedimensional,
  author    = {Nagaso, M. and Mizuno, K. and Asada, A. and Kobayashi, K. and Matsukawa, M.},
  title     = {Development of the three-dimensional visualization method for the inner structure of small size fish using 25 MHz acoustic profile measurement},
  booktitle = {2013 OCEANS - San Diego},
  year      = {2013},
  month     = {Sept},
  pages     = {1-4},
  doi       = {10.23919/OCEANS.2013.6741162},
  issn      = {0197-7385},
  keywords  = {aquaculture;biological organs;signal processing;ultrasonic imaging;ultrasonic variables measurement;cylindrical silicon model;external body surface;frequency 25 MHz;inner structure;internal body surface;organ boundary surface;reflection signal strength;scattering attenuation;signal processing;skin abstraction;small size fish;surface gradient acoustical loss;three dimensional acoustic images;three dimensional visualization method;ultrasonic acoustic profile measurement;Acoustic measurements;Acoustics;Marine animals;Reflection;Surface impedance;Surface reconstruction;Surface treatment;acoustic focused probe;acoustic imaging;fish;fish species classification;ultrasonic},
}

@InProceedings{Nagaso2016Numericalsimulationultrasonic,
  author      = {Nagaso, M. and Komatitsch, D. and Moysan, J. and Lhuillier, C.},
  title       = {Numerical simulation of ultrasonic wave propagation in a sodium cooling system in an inhomogeneous temperature field using the spectral-element method},
  booktitle   = {19th World Conference on Non-Destructive Testing},
  year        = {2016},
  month       = {Jun},
  url         = {https://hal.archives-ouvertes.fr/hal-01304039},
  address     = {M{\"u}nich, Germany},
  hal_id      = {hal-01304039},
  hal_version = {v1},
}

@Article{Nagaso2016Ultrasonicthermometrysimulation,
  author    = {Nagaso, M. and Moysan, J. and Benjeddou, S. and Massacret, N. and Ploix, M. A. and Komatitsch, D. and Lhuillier, C.},
  title     = {Ultrasonic thermometry simulation in a random fluctuating medium: Evidence of the acoustic signature of a one-percent temperature difference},
  journal   = {Ultrasonics},
  year      = {2016},
  volume    = {68},
  month     = {May},
  pages     = {61--70},
  doi       = {10.1016/j.ultras.2016.02.011},
  publisher = {Elsevier {BV}},
}

@Article{Nagaso2018Wavepropagationsimulation,
  author    = {Nagaso, M. and Komatitsch, D. and Moysan, J. and Lhuillier, C.},
  title     = {Wave propagation simulation in the upper core of sodium-cooled fast reactors using a spectral-element method for heterogeneous media},
  journal   = {8th ANNIMA},
  year      = {2018},
  editor    = {A. Lyoussi},
  volume    = {170},
  pages     = {03006},
  doi       = {10.1051/epjconf/201817003006},
  publisher = {{EDP} Sciences},
}

@PhdThesis{Nagaso2018Studyultrasoundwave,
  author      = {Nagaso, M.},
  title       = {{Study of ultrasound wave propagation in a heterogeneous fluid medium for the monitoring of an operating sodium-based nuclear reactor}},
  year        = {2018},
  type        = {Theses},
  month       = May,
  url         = {https://tel.archives-ouvertes.fr/tel-01798471},
  hal_id      = {tel-01798471},
  hal_version = {v3},
  keywords    = {Non destructive testing ; Acoustics ; Sodium flows ; Acoustique appliqu{\'e}e ; Sodium Fast Reactors ; Contr{\^o}le non destructif CND},
  pdf         = {https://tel.archives-ouvertes.fr/tel-01798471/file/PhD_thesis_Masaru_Nagaso_2018.pdf},
  school      = {{Universit{\'e} d'Aix Marseille}},
}

@Comment{jabref-meta: databaseType:biblatex;}
